<?xml version="1.0" encoding="UTF-8" ?>
<marc:collection xmlns:marc="http://www.loc.gov/MARC21/slim"
    xmlns:xsi="http://www.w3.org/2001/XMLSchema-instance"
    xsi:schemaLocation="http://www.loc.gov/MARC21/slim http://www.loc.gov/standards/marcxml/schema/MARC21slim.xsd">
    <marc:record>
        <marc:leader>00984npm a2200229Ka 4500</marc:leader>
        <marc:controlfield tag="001">004191950</marc:controlfield>
        <marc:controlfield tag="005">20090727145418.0</marc:controlfield>
        <marc:controlfield tag="008">090722s1861    xx            000 0 eng d</marc:controlfield>
        <marc:datafield tag="035" ind1=" " ind2=" ">
            <marc:subfield code="a">427410142</marc:subfield>
        </marc:datafield>
        <marc:datafield tag="040" ind1=" " ind2=" ">
            <marc:subfield code="a">NDK</marc:subfield>
            <marc:subfield code="c">NDK</marc:subfield>
        </marc:datafield>
        <marc:datafield tag="049" ind1=" " ind2=" ">
            <marc:subfield code="a">NDNX</marc:subfield>
        </marc:datafield>
        <marc:datafield tag="099" ind1=" " ind2=" ">
            <marc:subfield code="a">Fowler</marc:subfield>
        </marc:datafield>
        <marc:datafield tag="100" ind1="1" ind2=" ">
            <marc:subfield code="a">Fowler, L. N.</marc:subfield>
            <marc:subfield code="q">(Lorenzo Niles),</marc:subfield>
            <marc:subfield code="d">1811-1896.</marc:subfield>
        </marc:datafield>
        <marc:datafield tag="245" ind1="1" ind2="0">
            <marc:subfield code="a">Phrenological character of Miss Emily Sawyer,</marc:subfield>
            <marc:subfield code="f">Feby 8, 1861</marc:subfield>
            <marc:subfield code="c">given by L.N. Fowler, practical phrenologist.</marc:subfield>
        </marc:datafield>
        <marc:datafield tag="300" ind1=" " ind2=" ">
            <marc:subfield code="a">[13] leaves ;</marc:subfield>
            <marc:subfield code="c">21 cm.</marc:subfield>
        </marc:datafield>
       
        <marc:datafield tag="520" ind1=" " ind2=" ">
            <marc:subfield code="a">A handwritten case report for a phrenological reading of the character of Emily Sawye. Illustrated wrapper: front cover with portraits of Gall, Spurzheim, and Combe; back cover: Standard works published by Fowler and Wells ... Broadway, New York, U.S.</marc:subfield>
        </marc:datafield>
        <marc:datafield tag="600" ind1="1" ind2="2">
            <marc:subfield code="a">Sawyer, Emily</marc:subfield>
        </marc:datafield>
        <marc:datafield tag="650" ind1=" " ind2="2">
            <marc:subfield code="a">Phrenology</marc:subfield>
            <marc:subfield code="v">Case Reports.</marc:subfield>
        </marc:datafield>
        <marc:datafield tag="650" ind1=" " ind2="2">
            <marc:subfield code="a">Phrenology</marc:subfield>
            <marc:subfield code="v">Manuscripts.</marc:subfield>
        </marc:datafield>
        <marc:datafield tag="700" ind1="1" ind2=" ">
            <marc:subfield code="a">Wilson, James H.</marc:subfield>
        </marc:datafield>
        <marc:datafield tag="710" ind1="2" ind2=" ">
            <marc:subfield code="a">History of Medicine Collections (Duke University)</marc:subfield>
        </marc:datafield>
    </marc:record>
</marc:collection>
